@article{eff,
  author    = {Andrej Bauer and
               Matija Pretnar},
  title     = {Programming with Algebraic Effects and Handlers},
  journal   = {CoRR},
  volume    = {abs/1203.1539},
  year      = {2012},
  ee        = {http://arxiv.org/abs/1203.1539},
  bibsource = {DBLP, http://dblp.uni-trier.de}
}

@inproceedings{effects-idr,
  title = {Programming and Reasoning with Algebraic Effects and Dependent Types},
  year = {2013},
  booktitle = {Proc. 2013 International Conf. on Functional Programming ({ICFP} 2013)},
  author = {Edwin Brady}
  publisher = {{ACM}}
}

@ONLINE{idris-tutorial,
  title = {Idris tutorial},
  year = {2013},
  author = {Edwin Brady},
  howpublished = {Retrieved 2013-09-11 from \url{http://www.idris-lang.org/documentation/}} 
}

@article{cbconc-fi,
  author = {Edwin Brady and Kevin Hammond},
  title = {Correct-by-Construction Concurrency: Using Dependent Types to Verify Implementations of Effectful Resource Usage Protocols},
  year = 2010,
  journal = {Fundamenta Informaticae},
  volume = 102,
  number = 2,
  pages = {145--176}
}
